<?xml version="1.0" encoding="UTF-8" ?>
<collection xmlns:xsi="http://www.w3.org/2001/XMLSchema-instance" xsi:schemaLocation="http://www.loc.gov/MARC21/slim http://www.loc.gov/standards/marcxml/schema/MARC21slim.xsd" xmlns="http://www.loc.gov/MARC21/slim">
   <record>
      <leader>     cam a22      a 4500</leader>
      <controlfield tag="001">1685209</controlfield>
      <controlfield tag="003">COO</controlfield>
      <controlfield tag="005">20140824233741.0</controlfield>
      <controlfield tag="008">900525s1948    ua            000 0 ara d</controlfield>
      <datafield tag="035" ind1=" " ind2=" ">
         <subfield code="a">(NIC)notisAHX3565</subfield>
      </datafield>
      <datafield tag="035" ind1=" " ind2=" ">
         <subfield code="a">(OCoLC)63979954</subfield>
      </datafield>
      <datafield tag="035" ind1=" " ind2=" ">
         <subfield code="a">1685209</subfield>
      </datafield>
      <datafield tag="040" ind1=" " ind2=" ">
         <subfield code="a">NIC</subfield>
         <subfield code="c">NIC</subfield>
      </datafield>
      <datafield tag="100" ind1="1" ind2=" ">
         <subfield code="a">Wāqidī, Muḥammad ibn ʻUmar,</subfield>
         <subfield code="d">747 or 748-823.</subfield>
      </datafield>
      <datafield tag="245" ind1="1" ind2="0">
         <subfield code="a">Maghāzī Rasūl Allāh /</subfield>
         <subfield code="c">li-Abī ʻAbd Allāh Muḥammad ibn ʻUmar al-Wāqidī.</subfield>
      </datafield>
      <datafield tag="250" ind1=" " ind2=" ">
         <subfield code="a">al-Ṭabʻah 1.</subfield>
      </datafield>
      <datafield tag="260" ind1=" " ind2=" ">
         <subfield code="a">[Cairo :</subfield>
         <subfield code="b">Yuṭlabmin Jamāʻat Nashr al-Kutub al-qadīmah, ʻAbbās al-Shirbīnī],</subfield>
         <subfield code="c">1948</subfield>
         <subfield code="e">(al-Qāhirah :</subfield>
         <subfield code="f">Maṭbaʻat al-Saʻādah)</subfield>
      </datafield>
      <datafield tag="300" ind1=" " ind2=" ">
         <subfield code="a">350 p. ;</subfield>
         <subfield code="c">24 cm.</subfield>
      </datafield>
      <datafield tag="600" ind1="0" ind2="0">
         <subfield code="a">Muḥammad,</subfield>
         <subfield code="c">Prophet,</subfield>
         <subfield code="d">-632.</subfield>
      </datafield>
      <datafield tag="905" ind1=" " ind2=" ">
         <subfield code="a">19921113120000.0</subfield>
      </datafield>
      <datafield tag="903" ind1=" " ind2=" ">
         <subfield code="a">NYUACO</subfield>
         <subfield code="d">20141028</subfield>
         <subfield code="p">31924063268712</subfield>
      </datafield>
      <datafield tag="950" ind1=" " ind2=" ">
         <subfield code="a">BP75.7</subfield>
         <subfield code="b">.W25</subfield>
         <subfield code="v"> </subfield>
      </datafield>
   </record>
</collection>
